2226 3640
351 102 785 172 rnauuar1o-
1018 125 1059 174 rx

65 231 1058 359 Ponlrmvn,Pvcctartvntfidelisaimeerprnn.sicubivero

65 388 162 428 errores
174 369 336 429 certissimi
351 368 408 426 vel
419 387 476 446 per
490 367 669 427 certissimae
681 366 818 446 morum
833 367 995 427 doctorum
1006 367 1060 429 in·

62 454 211 527 tentiones,
240 455 293 516 vel
320 473 381 536 per
402 453 531 512 aliorum
554 451 693 512 codicum
713 453 851 512 meliores
873 452 1059 514 lectionese

61 539 206 600 carminum
228 549 341 606 tenore
365 537 451 606 omni
475 537 564 598 modo
581 536 773 619 propellendi
794 540 938 615 fuerunt,
962 539 1059 600 veluti

60 625 109 700 sil,
131 631 157 700 1,
178 631 198 692 9
219 627 388 685 Minalion
404 622 477 682 libri
495 643 595 684 omnes
609 621 763 700 exhibent,
785 625 834 683 vel
849 623 939 701 11,·1‚
961 623 983 692 6
1005 645 1060 686 co·

56 712 110 786 gia,
129 711 177 769 vel
190 711 249 788 ΙΙΙ,
269 717 310 785 1,
334 715 380 776 22
393 706 557 784 Ardidus5
578 710 644 790 ipae
662 707 739 769 baec
758 709 896 770 codicum
914 729 1059 791 perversa

58 793 130 853 lectio
147 796 181 854 in
193 797 257 856 fine
276 797 345 854 eius
364 793 506 874 paginae,
526 795 581 855 ubi
601 795 635 854 id
652 804 715 854 erat
731 793 922 872 laciendum,
946 795 1059 857 italicis

55 878 149 939 litteris
165 901 315 962 expressa
328 879 453 957 legitur.
494 880 595 960 Neque
606 900 679 940 varo
693 880 726 940 id
741 899 831 960 saepe¹
840 883 956 941 factum
968 901 1059 962 repa·

56 964 112 1040 riae,
131 967 185 1026 sed
199 967 254 1026 ubi
269 966 325 1026 vel
339 963 449 1025 versui
459 975 522 1024 erat
538 965 917 1043 succurrendumlabanti,
944 968 990 1026 uti
1003 965 1058 1044 Ill,

55 1051 101 1126 33,
123 1054 182 1129 39,
203 1053 260 1112 vel
277 1051 311 1109 e'r
327 1049 489 1109 nominum
509 1051 705 1133 propriorum
719 1051 823 1111 inania
837 1052 961 1133 scriptio
983 1062 1056 1130 erat,

55 1135 133 1193 ael-ai
158 1137 292 1196 omnino
319 1135 420 1208 omnis
442 1136 582 1195 carminis
605 1155 709 1199 sensus
730 1145 883 1218 praeterea
910 1137 1057 1216 periisset.

56 1218 234 1301 Quamquam
256 1221 348 1281 buius
363 1219 487 1279 ultimae
504 1222 627 1300 quidem
639 1221 685 1281 rai
708 1231 738 1282 et
751 1221 830 1282 ratio
850 1233 880 1282 et
893 1221 969 1282 fines
986 1224 1058 1283 satia

53 1303 148 1365 incerti
163 1317 252 1368 sunt.
283 1307 412 1386 Saepius
426 1305 523 1383 igitur,
545 1316 697 1386 utcunque
709 1307 758 1368 vel
772 1308 974 1388 interpretum
986 1329 1057 1368 cor·

54 1391 136 1452 rectio
149 1395 204 1454 vel
227 1391 323 1451 etiam
337 1390 521 1470 scriptorum
539 1392 690 1452 librorum
714 1392 772 1452 alia
786 1393 877 1452 lectio
892 1393 994 1454 verior
1006 1393 1058 1454 via

58 1473 185 1557 debatur,
216 1477 378 1557 supposita
391 1484 490 1536 tamen
503 1497 535 1536 ea
551 1477 754 1553 carminibus,
780 1497 844 1536 non
861 1487 980 1558 recepta
995 1487 1056 1556 eat3

18 1568 20 1640 l
55 1577 139 1640 neque
158 1563 240 1625 ulla'
251 1561 330 1622 baec
352 1559 474 1642 quidem
492 1563 543 1622 vel
561 1562 640 1621 libri
651 1562 713 1634 ¹vel
730 1563 860 1621 nominis
877 1563 1057 1624 auctoritate

18 1685 19 1694 η
55 1649 158 1708 mnnita
167 1697 176 1728 ‚
200 1658 239 1709 nt
259 1648 365 1718 libero,
381 1658 484 1728 posset
496 1647 723 1730 at‘ineormpto
737 1647 849 1710 iudicio
866 1647 899 1710 in
914 1649 1056 1732 suffragia

19 1725 20 1760 l
57 1728 90 1791 iri
102 1754 151 1814 per
165 1735 303 1796 eruditos
319 1735 458 1796 lectores.
507 1733 509 1747 '
540 1753 546 1763 ’
589 1755 592 1762 ’
885 1735 888 1742 ’

132 1821 166 1880 ln
184 1821 267 1892 ealce
284 1832 388 1890 eutem
404 1821 502 1906 operia
516 1832 545 1884 et
557 1823 621 1906 ipsa
638 1821 714 1892 baec
728 1825 897 1890 nominasse
912 1822 1057 1907 plurissi-

53 1929 125 1974 mam
141 1913 268 1976 illorum
280 1915 423 1976 codicum
433 1911 609 1977 varietatem
622 1913 770 1993 lectionis,
792 1913 871 1976 unde
884 1911 960 1973 baec
976 1926 1057 1972 nova

55 1998 137 2060 fluxit
148 1997 305 2080 recensio,
327 2003 474 2064 invenies.
516 2001 651 2082 Namque
669 2023 708 2063 ne
729 2002 867 2062 minimae
888 1999 1011 2078 quidem
1026 2005 1057 2056 et

54 2086 248 2164 apertissimas
266 2087 470 2149 aberrationes
484 2089 651 2149 reticendae
665 2089 766 2150 statui.
808 2088 840 2146 Si
859 2086 980 2165 quidem
994 2084 1056 2144 im·-

53 2172 154 2248 primis
168 2176 254 2236 utile.
268 2173 384 2234 futuris
407 2174 520 2234 crit-icis
541 2195 604 2234 esse
622 2176 734 2253 sentio,
759 2175 896 2253 exempla
911 2171 1057 2252 quaedam

53 2255 267 2342 absolutissima
285 2259 398 2319 babere
418 2259 556 2322 codicum
570 2261 797 2337 bonorum-ex
810 2258 937 2338 quibua,
964 2277 1056 2338 quam

53 2360 165 2422 eorum,
190 2346 242 2424 qni
265 2348 363 2404 unum
385 2345 516 2426 aliquem
534 2346 644 2405 librum
659 2348 809 2424 egregium
823 2341 919 2404 unice
927 2361 1056 2422 sequen·

52 2425 131 2506 dnm,
147 2431 282 2510 reliquos
295 2440 440 2508 tanquam
452 2433 484 2492 in
499 2423 616 2512 leuibus
634 2431 812 2510 quibusdam
827 2431 983 2511 ponendos
995 2449 1054 2488 au-

51 2513 128 2574 xiliis
147 2516 182 2575 in
204 2534 392 2595 unoquoque
412 2518 559 2596 scriptore
581 2518 742 2593 suadeant,
771 2517 889 2576 lubrica
913 2525 943 2576 et
966 2514 1055 2574 etiam

50 2601 216 2676 perniciosa
228 2600 406 2678 eit‘regula,
422 2602 602 2680 intelligant.
633 2601 746 2662 Deinde
761 2623 834 2663 vero
843 2644 860 2681 ,1
870 2620 963 2681 quum
973 2603 1055 2681 ipsos

52 2685 322 2768 codiceescriptos
340 2687 517 2765 pervaluere
530 2688 652 2746 >multos
670 2689 775 2766 paucis
799 2689 831 2747 in
856 2688 969 2747 nostrie
992 2685 1054 2744 oria

51 2772 217 2852 contingat,
240 2782 270 2831 et
285 2781 387 2830 tamen
402 2773 521 2832 munire
536 2780 566 2830 et
581 2764 833 2850 frequentioribus
839 2769 873 2831 ‘et
886 2770 1053 2832 rarioribus

50 2851 243 2918 librariorum
257 2857 414 2916 erroribus
429 2858 603 2917 memoriam
615 2859 742 2936 plurimi
756 2879 819 2918 esee
833 2860 951 2918 fructus
966 2849 1055 2914 vida-

50 2939 194 3009 ridebeat
203 2989 212 3020 ,
235 2943 362 3022 gratiam
381 2963 428 3002 me
443 2943 590 3022 initurum
605 2960 709 3002 eorum
720 2944 871 3024 putabam
886 2941 945 3000 hac
961 2957 1054 2998 accu-

49 3026 182 3100 ratione,
207 3030 260 3108 qui
278 3028 468 3104 subtiliorem
480 3028 589 3088 barum
604 3047 705 3087 rerum
720 3029 921 3107 cognitionem
940 3043 1054 3106 paran-

51 3109 316 3172 damdidicerunt.
360 3115 464 3192 Neque
479 3115 557 3174 enim
574 3108 695 3192 quidam
709 3125 772 3172 nnn
785 3131 856 3171 aene
873 3107 1054 3172 considerati

49 3191 192 3264 homines,
207 3198 349 3256 audiendi
372 3208 457 3272 eunt,
481 3199 533 3274 qni
544 3254 547 3258 ,
559 3219 592 3255 ea
614 3215 677 3252 esse
694 3195 771 3270 baec
794 3205 898 3252 nostra
909 3201 1053 3276 ‘tempora

52 3281 184 3340 clamant
192 3325 200 3355 ‚
224 3281 555 3358 quibua'propulsanda
570 3277 732 3354 aliquando
746 3274 895 3353 laboripsa
910 3274 966 3326 ista
978 3287 1052 3342 ope-

51 3383 192 3426 roeorum
208 3363 369 3422 bominum
387 3363 538 3422 industria
558 3361 613 3435 ait,
634 3354 759 3434 quaein
778 3349 964 3411 corradendo
987 3363 1052 3400 sae-

805 3425 887 3491 r,
1039 3501 1094 3598 ι
