2226 3640
24 1014 25 1026 ψ
123 841 871 1056 ἴῬΒᾸΕΕΑΤια,

426 1127 633 1146 m

24 859 26 912 l

24 1027 26 1090 l

24 1197 26 1264 l

24 1285 26 1408 l
48 1273 135 1380 sicui
147 1317 198 1380 alii
208 1310 320 1401 poetae
332 1316 367 1378 id
379 1316 501 1395 accidit,
517 1326 555 1378 ut
570 1337 626 1400 per
639 1316 841 1397 interpretum
851 1307 1033 1380 etiamnum·

47 1424 144 1465 norum
157 1426 287 1466 acumen
303 1413 335 1464 e't
349 1403 550 1466 eruditionem
561 1407 631 1486 plus
649 1422 735 1483 saepe
756 1403 931 1466 detrimenti
945 1425 1033 1486 cape-

24 1481 25 1548 ³
49 1497 91 1566 ret,
107 1486 195 1570 quani
209 1491 437 1574 nancisceretur
453 1489 577 1574 ausilii,
599 1483 751 1550 incorum
770 1490 908 1567 prolecto
922 1509 1033 1552 nume·

24 1589 25 1594 ’
48 1593 74 1632 ro
88 1597 167 1638 suum
184 1577 350 1657 profitetur
370 1595 480 1636 nomen
500 1572 689 1655 Propertius.
733 1572 837 1646 Quum
863 1574 942 1634 enim
979 1595 1033 1636 rc-

47 1668 101 1737 pter
111 1664 218 1723 mssltss
231 1661 453 1742 exemplaribus
470 1660 593 1722 Graecis
608 1657 692 1728 haud
707 1655 797 1718 dubie
813 1658 912 1720 acrius
921 1597 1034 1722 inias·

48 1757 175 1809 sescentas
189 1747 313 1808 dicendi
326 1746 459 1818 rationes
474 1745 570 1826 magia
583 1765 673 1826 quam
690 1743 849 1826 quisquam
864 1759 980 1825 novus,
1003 1756 1034 1808 et

23 1827 24 1850 ¹
45 1842 151 1912 propter
170 1834 303 1896 laxiores
323 1853 428 1894 rerum
451 1833 641 1898 diuersarum
653 1831 688 1890 in
703 1851 800 1909 unum
818 1837 927 1912 poema
947 1851 1035 1892 com-¹

45 1915 194 1998 pluriores,
215 1928 284 1980 tum
304 1928 432 2000 propter
449 1918 662 1998 ingenium‘ad
679 1937 783 1978 versus
802 1917 958 1978 faciendos
972 1917 1033 1978 mi-

46 2019 90 2062 nus
105 2005 177 2083 agile
193 2004 302 2066 durior
323 2004 381 2080 ait,
405 2004 499 2083 magis
521 2025 610 2083 quam
625 2002 709 2064 ullus
730 2009 820 2082 poeta
834 2004 984 2064 Romanus
998 2004 1033 2064 in

45 2089 139 2150 variam
151 2089 343 2156 coniectandi
355 2091 451 2150 aleam
465 2089 612 2150 eliciebat.
640 2087 702 2150 Alii
711 2088 807 2176 igitur
820 2089 921 2150 omnia
929 2081 1033 2150 truria⁴

45 2191 148 2236 uersum
162 2185 298 2256 egerunt,
320 2179 358 2235 u‘t
371 2176 587 2236 sententiarum
602 2175 724 2274 puidam
741 2175 823 2234 iusto
840 2176 1033 2237 consulerent
1086 2179 1089 2186 “

45 2261 144 2340 ordin,
166 2263 222 2343 qui
238 2270 308 2322 anta
323 2260 471 2342 ipsorum
485 2257 675 2348 industriam
687 2269 718 2320 at
729 2258 838 2320 melior
855 2271 919 2322 erat
932 2270 963 2322 et
975 2281 1033 2323 ve-

44 2343 107 2422 iior3
128 2349 179 2407 alii
203 2346 485 2408 obtrudendis'auia
509 2346 663 2426 elegantiis
685 2344 729 2404 ita
748 2366 767 2404 a
789 2363 862 2406 vero
880 2346 1033 2429 Propertii

43 2433 150 2493 consilio
163 2443 195 2494 ct
207 2431 331 2512 ingenio
342 2441 453 2492 cunata
468 2432 668 2510 detorserunt,
689 2439 741 2505 ut,
762 2429 803 2506 si,
828 2449 904 2511 quac
915 2433 962 2494 illi
975 2433 1031 2494 de-

43 2515 236 2597 lerint‚scum
251 2539 297 2596 ao,
320 2518 403 2598 quod
420 2516 472 2592 bic
486 2519 583 2597 leges,
606 2517 647 2576 ais
670 2525 916 2597 comparaturus,
937 2519 1031 2581 alium

41 2599 109 2667 haud
120 2615 236 2668 rar-oue
253 2609 376 2686 potitam
392 2611 524 2664 tractare
539 2601 679 2672 manibus
700 2619 829 2663 censeas.
888 2663 896 2682 ,

109 2691 152 2752 Ac
164 2692 282 2772 primus
297 2687 420 2769 quidem
434 2698 464 2748 et
476 2702 576 2764 unus,‘
590 2687 651 2766 qui,
666 2705 725 2766 qua
738 2685 791 2746 via
800 2687 932 2750 eundum
944 2697 1029 2765 assat,
1088 2737 1089 2742 1

42 2772 253 2854 demonstravit,
276 2773 726 2834 CAROLUSLACHMANNUS
740 2772 812 2834 fuito
836 2773 936 2834 Huius
949 2773 1029 2834 enim
1080 2782 1084 2806 ¹

41 2857 253 2944 ingeniosissimi
267 2861 329 2922 viri
346 2859 519 2940 diligentiae
532 2856 666 2942 primum
683 2858 718 2920 id
740 2857 828 2919 <lebet
841 2858 1027 2941 Propertius,

41 2955 76 3022 ut,
95 2949 199 3029 quibus
212 2946 300 3010 libris
315 2946 391 3008 fides
406 2946 544 3007 habenda
558 2953 653 3021 esset,
676 2943 786 3024 quibus
801 2965 880 3022 non,
904 2943 1027 3026 exposi-

42 3038 95 3092 tum
108 3036 145 3096 ait
159 3033 329 3116 praeclara,
350 3031 480 3110 deinde,
494 3041 553 3106 ut,
576 3049 667 3111 qnam
684 3029 774 3108 longe
791 3030 930 3108 priorum
948 3047 1027 3109 qno·

42 3120 150 3182 rundam
166 3126 438 3186 commentatorum
450 3117 593 3197 fugienda
612 3114 817 3195 interpolandi
828 3113 923 3174 libido
940 3122 1025 3186 esset,

23 3263 24 3268 η
43 3207 160 3288 exemplo
174 3207 269 3266 aimus
283 3201 447 3277 admoniti3
468 3211 505 3261 ut
516 3201 609 3262 verbo
624 3197 733 3271 dicam,
748 3215 808 3254 una
823 3197 1026 3255 Lausum-

43 3284 210 3354 Nlrecenaio
228 3296 291 3364 est,
314 3307 390 3366 qua,
413 3284 468 3364 qui
487 3279 682 3362 Propertium
697 3278 796 3351 legera
811 3277 910 3352 ipsum
925 3276 1025 3360 vellet»

43 3373 79 3432 uti
90 3375 217 3438 adhunc
234 3373 316 3432 diem
331 3377 458 3449 poterat.
483 3367 521 3426 ln
537 3383 596 3442 qua
608 3358 698 3416 laude
710 3373 749 3412 ne
763 3354 799 3412 ab
815 3353 1027 3466 iniquissimu-

1029 3521 1088 3604 Δ
