2226 3640
68 121 95 174 ι
188 61 191 74 ’
304 105 789 174 ἰιιιιιιιο
847 109 862 122 “

68 275 206 340 culorum
225 274 359 343 rudium
372 277 429 341 eibi
455 277 640 380 pulvisculo
657 279 784 374 placeat
816 281 878 343 ‘Ea
901 281 1004 364 potius
1030 294 1082 345 est

66 365 200 426 ineunda
219 367 316 437 ratio,
339 374 386 442 ut,
398 385 482 452 quos
507 349 630 445 quidem
652 387 764 446 pravos
784 367 878 466 plane
897 369 993 430 libros
1018 391 1080 430 co·
1091 369 1092 380 ²

57 441 275 529 ιςιιοιιιιιιιιιιι,
298 473 346 512 eos
360 471 559 531 seponamus,
583 453 680 517 bonna
694 451 800 512 contra
816 455 906 514 etiam
921 476 992 516 cum
1006 456 1092 553 ipso3

65 537 124 597 isto
148 537 322 637 pulvisculo
343 537 538 600 excutiamus.
554 537 678 636 Atque
699 531 744 598 da
760 540 993 600 laboriositatis
1000 542 1079 620 qui·-
1091 589 1092 616 Ξ

65 621 135 684 dem
149 633 223 712 nota
238 623 344 700 sciant,
366 623 441 701 iliis,
464 623 518 703 qui
531 622 683 702 ingeniose
699 626 990 723 quamcunquerem
1007 637 1080 685 tra
1091 655 1092 670 ι

64 716 163 787 cient,
171 705 300 770 nutriri
313 709 467 788 ingenium
482 708 635 794 omnibus,
659 712 711 790 qui
730 710 770 770 sit
791 710 906 770 hebetis
929 703 1092 790 obesiqne]

63 794 174 872 animi,
196 795 224 854 ei
239 795 336 875 ipsam
355 795 454 859 videri
473 805 612 892 naturam
631 805 797 871 mortuam,
821 797 882 858 nisi
902 817 1077 878 quaeven-
1091 813 1092 886 Ξ

62 879 192 942 triculos
208 882 373 960 expleat.
1027 895 1092 962 j

147 967 196 1026 Ex
210 967 317 1027 eedem
319 942 411 1026 fideli
424 965 566 1026 codicum
587 963 798 1029 observatione
814 967 893 1028 iliud
907 967 999 1030 eiiam
1013 989 1077 1028 na·
1091 997 1092 1052 Ξ

62 1058 207 1132 tumeat,
231 1053 313 1132 quod
334 1054 460 1113 fortasse
482 1051 604 1131 quidam
627 1053 824 1152 appellabunt
839 1053 978 1130 vitium,
985 1055 1092 1132 quod]

61 1133 95 1199 in
110 1097 274 1198 verborum
291 1138 457 1235 scriptione
469 1159 579 1235 parum
595 1137 669 1198 mibi
681 1139 813 1201 constiti.
844 1139 953 1200 Verum
966 1147 1077 1200 tamen

60 1219 196 1300 ingerere
210 1207 332 1288 veliem
346 1223 484 1302 antiquos
496 1223 659 1304 scriptores
675 1244 737 1294 eam
755 1224 963 1302 constantiam,
979 1223 1092 1362 quam3

60 1305 156 1368 illos
147 1329 229 1389 ipsos
234 1305 450 1387 neglexissem
466 1309 659 1386 aliissoimus,
669 1310 702 1368 in
712 1305 778 1368 aliis
788 1309 1075 1386 concludimuqar·

60 1390 283 1470 bitrarianimis
292 1404 321 1454 et
332 1394 483 1454 invidiose
494 1415 541 1454 res
551 1394 730 1456 videbatur.-
743 1395 811 1494 Qua
825 1405 959 1476 propter,
968 1416 1092 1474 quan·

60 1485 126 1538 tum
136 1479 170 1540 sd
178 1480 309 1561 quidem
314 1479 517 1578 fieripoterst,
531 1487 561 1540 et
571 1490 718 1559 quantum
727 1490 756 1540 et
763 1502 808 1542 rer
818 1490 847 1540 et
859 1482 1009 1542 lrbrorum
1018 1501 1075 1542 ra
1091 1497 1092 1560 3

59 1564 104 1624 tio
112 1566 291 1646 petiebatur,
307 1565 417 1649 (neque
426 1562 505 1625 enim
513 1565 697 1645 harenam,
680 1587 775 1645 quum
785 1567 878 1626 semel
891 1586 994 1626 omnes
999 1573 1092 1640 tres
1091 1565 1092 1614 3

24 1666 32 1681 ⁴
58 1647 131 1710 iibri
142 1653 330 1732 praeberent,
345 1651 485 1714 volebam
498 1654 643 1734 necipere)
658 1652 833 1712 inconstans
851 1673 920 1712 cum
935 1635 1092 1732 antiquis

56 1711 124 1794 esse
137 1739 248 1810 malui,
275 1759 368 1836 quam·
376 1738 427 1798 vel
443 1758 563 1797 errare
547 1736 612 1798 vel
632 1757 751 1798 novare
767 1753 837 1798 cum
856 1737 981 1810 ιιοιιιιιι.
1026 1737 1092 1804 De

59 1816 241 1884 accusativo
248 1823 392 1888 autcmin
409 1825 457 1900 is,
478 1843 658 1903 quamquam
676 1823 829 1902 plerisque
843 1824 918 1886 locis
931 1844 999 1886 eum
1015 1837 1092 1886 cc-

60 1885 120 1968 dic
165 1910 262 1970 nostri
278 1910 312 1970 iu
332 1931 363 1969 es
384 1911 549 1972 formatum
575 1905 720 1980 exhibent
727 1896 850 1990 ,itque
873 1929 927 1988 ego
945 1909 1092 2006 quidem3

58 1993 102 2058 ito
117 2015 168 2055 eos
185 1993 348 2062 scribentes
363 1996 494 2059 fideliter
509 2015 576 2056 sum
590 2003 721 2072 secutus,
744 1995 797 2057 vix
812 2004 912 2055 tamen
927 2016 990 2057 esse
1007 1985 1092 2056 du-

57 2080 216 2143 bitandum
230 2103 355 2160 moneo,
378 2083 454 2163 quin
459 2081 523 2142 hes
540 2081 677 2142 formas
669 2101 702 2140 m
716 2102 756 2157 er,
776 2080 878 2142 sinon
893 2081 1018 2161 ubique,
1041 2093 1075 2144 at

58 2169 237 2250 plerumque
261 2169 421 2230 debeamus
440 2167 604 2228 librariis'
594 2167 684 2247 ipsis,
706 2187 799 2245 quum
818 2167 992 2246 ubicunque
1015 2179 1092 2242 aut¹

59 2257 183 2319 casuum
192 2256 449 2331 error'intererat,
472 2263 533 2332 aut,
551 2253 576 2312 si
592 2271 651 2332 qua
663 2253 832 2312 defluxerat
840 2273 930 2320 voces
942 2253 1072 2316 aberra-
1091 2259 1092 2354 Ξ

57 2338 119 2419 tio,
141 2341 238 2402 forma
252 2341 306 2402 illa
324 2341 402 2403 male
416 2339 588 2400 oblitterata
599 2359 641 2400 ¹se
654 2337 741 2406 nobis
761 2339 907 2414 ostendat.

87 2431 90 2438 '
142 2426 205 2486 Iam
226 2447 283 2486 cur
306 2447 345 2489 ex
361 2427 434 2486 meis
451 2425 539 2495 libris
555 2424 645 2485 modo
662 2422 745 2484 hunc
762 2424 853 2484 modo
868 2425 958 2485 illum
977 2444 1072 2488 secu-
1091 2435 1092 2454 ³

57 2516 109 2571 tue
128 2512 185 2572 sim
193 2557 201 2588 ,
224 2521 290 2573 tum
300 2513 468 2574 rationibus
482 2511 616 2578 breviter
631 2508 669 2579 ,ad
684 2511 820 2587 singulos
835 2516 971 2594 quosque
981 2508 1072 2573 locos

58 2596 184 2658 adiectis
201 2599 340 2677 exposui,
360 2605 432 2660 tuni·
440 2596 603 2676 legentium
613 2596 745 2657 acumini
757 2595 868 2674 reliqui
879 2597 1072 2674 investigan-

58 2680 139 2742 dum.
179 2684 343 2760 Nunquam
356 2683 388 2740 id
402 2692 503 2744 tamen
514 2683 583 2742 sine
599 2682 731 2780 quadam
749 2681 875 2758 idonea,
899 2703 977 2761 quae
994 2683 1072 2762 qui-

57 2765 126 2828 dem
143 2767 218 2828 mihi
232 2768 308 2830 talis
316 2788 379 2828 esse
394 2767 572 2844 videbatur,
592 2767 709 2828 ratione
722 2788 788 2847 ipse
800 2767 877 2844 feci
904 2769 957 2828 sed
970 2767 1071 2830 adde

56 2871 90 2912 re
107 2871 172 2943 eam
194 2853 298 2930 omisi,
318 2863 383 2914 tum
400 2863 446 2913 ut
454 2853 571 2932 opellae
584 2853 726 2934 brevitati
745 2854 978 2929 consuleretur,
1000 2863 1072 2914 tum

55 2945 94 2996 ut
110 2930 159 3013 iis,
182 2957 235 3017 qur
226 2899 307 2998 ιιιιι
324 2939 430 3003 critica
438 2948 510 2998 arte
529 2959 560 2998 se
573 2954 711 3001 exercere
726 2940 857 3012 vellent,
880 2959 918 2998 ne
934 2939 1071 2998 utilissi—

55 3034 106 3080 ma
118 3025 339 3122 praeriperetur
355 3025 485 3085 occasio.
519 3023 554 3084 Si
566 3025 686 3102 quidem
700 3023 775 3084 haee
790 2985 1071 3088 Teubnerianarum

57 3107 251 3167 editionum
251 3110 341 3168 series
364 3108 549 3168 discentibus
575 3130 613 3168 ex
644 3129 751 3187 magna
772 3121 859 3189 parte
888 3110 989 3168 dicata
1014 3121 1070 3170 est.

58 3191 204 3250 Contra
180 3213 207 3250 si
219 3195 363 3271 quando,
386 3195 461 3274 quid
476 3195 577 3254 verius
598 3204 687 3270 esset,
710 3194 869 3254 haerebam
878 3205 1017 3282 ,aperte
1039 3197 1092 3286 id3

56 3291 174 3354 semper
187 3280 341 3355 professus
360 3300 436 3338 sum.
478 3278 718 3376 Eandemque'
688 3299 768 3337 viam
783 3280 934 3362 ingressus
950 3301 1025 3340 sum
1038 3239 1092 3352 in3

55 3361 227 3424 muniendis
242 3363 426 3444 scriptorum
440 3364 620 3427 auctoritate
628 3363 760 3445 reeepns
770 3365 964 3431 lectionibus
985 3367 1092 3431 Nul·
1091 3389 1092 3474 Ξ

20 3549 189 3618 Κ..
