2230 3652
202 72 210 124 ²
255 121 463 182 insomnio
479 107 676 181 socruum
700 125 723 193 1,
739 123 784 193 so,
798 123 844 182 n.
962 125 1018 185 rso

63 281 119 338 esse
149 275 282 335 videntur
307 279 447 351 probare.¹
478 271 642 350 'Descriptio
664 281 737 337 haec
754 289 803 338 est.
837 280 929 351 liylat
951 279 1015 336 dex-

62 364 122 407 tero
145 352 263 406 brachio
282 351 390 403 innixus
408 349 509 406 leviter
531 367 584 420 per
603 350 725 406 'facilem
757 351 900 423 liquorem
919 351 1017 422 prola-

61 423 129 476 bens
145 438 161 473 a
178 421 313 490 Nymphis
325 420 457 475 trahitur.
499 423 576 486 Quae
596 421 676 474 nobis
693 439 750 478 non
768 439 833 475 enm
852 419 1017 492 depingunt,

61 487 158 562 qni'ah
176 491 294 544 editiore
311 489 433 560 quodam
443 489 507 543 loco
521 490 616 552 subito
628 489 690 545 nisu
702 492 862 562 corripitur,
880 491 929 542 sed
941 485 1017 558 euni,

63 563 110 634 qui
123 577 229 631 pronus
243 578 260 621 o
274 561 334 628 ripa
347 560 452 621 ¹leniter
465 560 564 613 acclivi
576 561 718 630 proximus
732 561 847 614 flumini
859 569 911 626 est,
929 561 968 613 ita
985 568 1017 614 ut

62 634 163 686 sensim
179 631 209 682 in
221 630 276 682 hoc
288 646 340 699 per
347 630 488 700 Nymphas
503 629 548 681 vix
567 631 652 683 motis
671 629 750 702 aquis
768 631 857 700 'possit
874 630 1015 702 protrahi5

62 710 90 756 et
103 709 145 753 est
154 699 259 766 decens
270 699 339 752 haec
352 701 442 752 omnis
461 700 610 768 descriptio
623 701 850 770 conveniensque
858 699 1016 768 Apollonio,

60 771 212 824 Theocrito
230 778 256 821 et
273 769 390 822 Pictoris
412 769 669 834 Herculanensibin,
689 773 777 837 IV,‘6.
796 769 885 822 Millin
895 769 1016 826 Galleri‘s

62 841 126 906 CVI,
143 842 206 910 920.
241 839 322 891 Unde
332 855 400 910 ergo
414 855 469 893 eom
483 844 600 892 sonitum
607 841 683 912 fecit
695 856 775 914 rapto
788 843 921 914 corpore?
937 847 1016 892 recta

60 909 90 962 id
114 910 229 980 quidem
255 909 350 961 ironte
373 925 438 962 cum
456 908 688 978 praecedentibus
716 928 769 964 nec
792 912 883 963 minos
899 925 1016 962 cumsc-

62 979 211 1050 quentibns
232 979 364 1048 pugnat‚'
379 977 428 1030 ubi
447 976 578 1033 Hercules
595 1001 649 1033 res
653 997 768 1054 ponsa
789 985 880 1050 itcrat.
902 995 935 1032 os
947 993 1015 1040 vero

63 1049 235 1100 adtonitum
248 1041 333 1099 istnrh
346 1065 403 1118 non
416 1057 532 1129 possunt
542 1047 653 1104 relerri.
671 1051 831 1102 Nectamen
843 1050 913 1102 haec
925 1047 1016 1106 omni!

63 1119 154 1170 oratio
167 1135 184 1170 s
198 1133 236 1171 vs.
250 1115 294 1185 49,
314 1118 389 1188 quod
400 1117 532 1170 vitiosum
543 1117 632 1171 videri
644 1120 740 1189 possit,
758 1119 912 1190 quidquam
936 1118 965 1169 in
985 1117 1016 1171 ἑο

62 1187 154 1242 habet.
174 1183 389 1258 quopropter'in
402 1203 434 1240 ea
449 1187 561 1258 quidem
575 1189 746 1260 interpretes
760 1203 816 1245 non
831 1197 909 1242 recte
921 1187 1016 1240 lahem

61 1257 214 1326 nnpicatos
229 1271 289 1310 esse
304 1255 382 1327 puto,
403 1275 474 1327 quoe
486 1257 579 1326 potins
593 1259 621 1310 in
634 1259 691 1311 hoc
706 1274 763 1311 non
779 1259 844 1312 satis
862 1259 1016 1328 prudenter

63 1326 156 1380 efficto
169 1343 261 1394 versu,
281 1345 368 1396 quum
381 1329 462 1379 verris
476 1325 633 1394 interiisset,
651 1325 812 1399 quaerendo
827 1335 896 1380 erat.
992 1349 997 1395 '.

129 1415 156 1450 v.
171 1398 214 1469 515
233 1402 344 1452 monitis
356 1401 441 1452 Gron·
456 1396 544 1468 [theg.
558 1403 676 1454 monimo
694 1401 779 1468 Neap.
802 1397 926 1450 monitus
946 1415 972 1450 v.
989 1413 1016 1450 c.

61 1471 196 1522 Peneius.
215 1471 339 1520 lilonitus
351 1484 415 1522 cum
430 1465 610 1519 Lachmanno
627 1467 776 1536 praeicr03
801 1464 886 1518 etism
908 1482 1015 1534 prono-

61 1551 125 1588 men
140 1552 202 1590 tuos
216 1535 401 1606 praemiserim
415 1535 563 1589 verisimile
583 1536 652 1592 lacit
670 1536 840 1602 subiectum,
867 1519 943 1606 quod
962 1551 1016 1587 vo-

62 1615 136 1674 cant,
156 1605 318 1658 addendum
334 1621 402 1672 esse,
418 1605 491 1658 sicut
504 1621 534 1658 tu
548 1621 610 1660 tuos
624 1605 773 1724 inopimus.
791 1633 823 1644 -
841 1623 867 1660 v.
880 1607 923 1661 52.
942 1609 1016 1660 vicos

64 1682 179 1739 Omnem
204 1673 280 1746 quod
298 1691 398 1728 verum
418 1683 472 1728 est:
496 1677 556 1727 lloo
579 1691 707 1743 exempo
725 1673 883 1727 admonitus
901 1689 1015 1730 nmoret

61 1752 124 1804 tuos
138 1744 241 1798 melius
254 1744 390 1811 servabis,
404 1743 529 1798 ‘alterum
543 1743 632 1814 Hylan
655 1752 735 1797 tuum
748 1744 882 1814 Nymphis
899 1743 1015 1798 credero
1050 1745 1054 1753 '
1068 1784 1071 1790 .

60 1813 307 1878 ῐὶὴὶ,νὴυε;“εἰνεε
325 1831 411 1880 nunc,
430 1813 505 1885 quod
518 1814 638 1866 alterum
651 1813 738 1884 Hylan
755 1815 889 1886 Nymphis
905 1825 933 1870 to
948 1831 1014 1869 cre-

62 1883 259 1954 dereputahis‚
277 1901 342 1955 ages
354 1885 470 1958 pontius.
487 1913 523 1924 —-
539 1887 606 1956 hyla
618 1885 703 1956 Neap.
720 1888 812 1954 hyla'm
825 1885 926 1956 liheg.⁴
998 1881 1001 1888 ’

56 1969 59 1976 ’
130 1948 209 2022 XXI.
224 1953 462 2024 ‘Cumsupcrior'e
485 1954 629 2028 coniungit
645 1960 817 2024 Gron.,·'non
833 1957 919 2023 Neap.
954 1951 1015 2013 slis

60 2021 153 2095 elegia
165 2027 292 2078 Paccius.
330 2023 425 2078 Gallus
438 2041 455 2076 a
472 2019 690 2078 clad'ePerusina
705 2023 849 2092 effugiens,
867 2035 1026 2094 quumperx

57 2109 161 2146 manus
173 2091 311 2165 ignobiles
326 2110 421 2147 caesus
439 2101 525 2162 esset,
544 2093 727 2146 moribundus
742 2092 877 2155 militem,
899 2089 946 2160 qui
965 2105 1015 2160 pa·

57 2179 122 2217 rem
136 2177 241 2230 casum!
250 2161 367 2216 evadere
378 2173 522 2232 properat,
539 2181 590 2233 per
603 2169 752 2232 pirentum
772 2159 865 2229 capita
878 2160 1014 2228 coniurat,
1038 2209 1042 2216 ,

58 2241 92 2285 ut
105 2233 205 2300 sorori,
223 2249 302 2353 puae
309 2242 386 2304 gesta
401 2231 469 2296 sint,
485 2242 613 2304 exponat,
631 2242 660 2286 et
673 2247 746 2296 eam,
763 2239 796 2284 ut
810 2245 889 2302 ossa,
912 2229 935 2283 si
959 2245 1015 2301 qus

57 2301 218 2372 invenerit:
237 2311 298 2354 ecta
312 2303 435 2370 sepeliat,
452 2301 625 2356 adhortetur.
703 2317 705 2324 ·

130 2389 157 2425 v.
172 2373 199 2427 3.
220 2375 274 2440 Qui
292 2375 322 2425 F.
334 2375 370 2432 Μ.
382 2381 422 2430 ,ει
435 2371 492 2426 Liv.
514 2380 586 2426 teste
603 2368 806 2442 Groninganus.
842 2369 915 2440 Quid
926 2369 1014 2439 'Neap

56 2441 156 2513 Ilheg.¹
185 2443 278 2506 Quum
301 2441 438 2496 de'Gron.
476 2448 529 2512 Qui
549 2439 718 2494 Schraderus
737 2447 846 2506 taceat,
871 2438 1016 2511 irrigatam

57 2513 186 2565 retinere
199 2511 410 2580 tutins‘putavi5'
423 2521 621 2583 argumentum
637 2512 719 2564 etiam
732 2511 814 2566 addo.
828 2514 955 2582 namqui
967 2510 1016 2561 de-

57 2581 160 2648 scribit
173 2579 270 2633 oculos
289 2580 318 2633 in
334 2579 446 2635 Gallum
465 2589 676 2636 convertentem
695 2581 829 2646 militem3
855 2583 921 2654 quid
943 2577 1016 2633 Galli

56 2650 245 2719 interrogatio
260 2659 309 2708 est.
330 2651 376 2721 qui
393 2661 584 2704 trasumenum
597 2649 783 2718 lamentatur,
801 2667 887 2722 quum
902 2665 1015 2718 expave-

8 2765 14 2774 .
57 2727 188 2774 scentem
203 2719 276 2772 edito
291 2721 399 2790 gemitu
413 2721 493 2776 illum
508 2721 538 2772 in
551 2721 685 2774 scoculos
699 2737 824 2796 torquere
839 2719 929 2782 videt3
946 2713 1016 2768 nihil
1047 2783 1051 2790 ἲ

57 2805 77 2842 a
91 2805 122 2842 se
134 2789 196 2842 'csse
209 2785 366 2856 timendum
379 2788 427 2851 sit,
447 2797 475 2842 et
488 2789 610 2850 anticum
624 2789 933 2847 esseetmoribundum.
943 2783 1015 2838 mol·

46 2867 89 2912 *to
110 2871 179 2938 ergo
199 2856 254 2910 hoe
272 2857 513 2928 παθητικώτερον.
526 2859 667 2932 proximus
686 2863 756 2915 milit
765 2868 818 2928 'ae,
829 2867 867 2910 'ut
879 2861 900 2921 i,
921 2857 963 2916 18.
980 2856 1015 2911 29

56 2941 192 3000 proxima
201 2927 292 2980 Ledae
298 2947 306 2994 3
326 2929 363 2986 ci.
377 2946 453 2998 quse
462 2929 556 2982 notavi
569 2929 606 2982 sd
614 2930 723 2984 Lucilii
732 2936 856 2982 Aetnam.
868 2942 894 2982 v.
911 2926 969 2980 176.
1002 2927 1009 2950 '·
1102 2958 1103 2962 =

130 3013 158 3052 v.
173 2997 198 3050 5.
217 3013 325 3052 servato
340 3015 369 3066 ut
405 3005 490 3052 assint
502 3001 589 3067 Neap.
607 3014 715 3066 servato
725 2997 831 3072 poculo
845 2995 909 3068 Ρμο.
920 2995 1016 3062 [atque

56 3066 107 3132 ita,
116 3061 346 3119 'nisiSchraderus
354 3085 446 3120 minus
458 3067 589 3134 attendit,
601 3071 685 3124 Gron.
695 3064 907 3134 Lachmannus.]
927 3062 1017 3114 Adiu-

56 3135 149 3188 -rantis
167 3142 217 3187 est·
238 3135 285 3199 ito,
302 3137 402 3206 inquit,
421 3135 449 3189 t'e
467 3137 542 3199 salvo
561 3147 690 3207 parentes
703 3137 745 3188 tui
766 3135 906 3189 fruentum
922 3131 1016 3188 Tibul.

56 3204 107 3258 Sic
129 3205 263 3256 umbrosa
284 3206 336 3258 tihi
356 3206 519 3276 contingant
539 3213 615 3256 tecta
637 3205 736 3272 Priape
758 3205 881 3256 Paccius.
898 3229 931 3240 -
948 3215 975 3253 v.
988 3199 1017 3252 ti.

58 3277 120 3330 Nec
132 3277 218 3338 Gron,
237 3276 281 3328 Ne
294 3276 379 3343 Neap.
397 3281 475 3329 Haec
490 3277 557 3332 Poe.
571 3277 641 3340 (Hoc
656 3273 713 3324 Rhe
736 3273 754 3340 .)
765 3275 840 3324 Haec
854 3275 1016 3328 verumest3

59 3342 284 3397 minusfortasse
295 3355 394 3397 verum
412 3335 498 3400 aliud.
518 3353 584 3404 nato
603 3289 744 3412 quomoffo
764 3361 779 3396 c
799 3341 918 3392 lacrimis
933 3349 1017 3388 soror
